@misc{,
  author = {},
  title = {},
  url = {},
  note = {}
}